Automatically generated by Mendeley Desktop 1.19.4
Any changes to this file will be lost if it is regenerated by Mendeley.

BibTeX export options can be customized via Options -> BibTeX in Mendeley Desktop

@misc{auszeichnungssprachen,
title = {{Lehre - Begriff: Markup Language [Zentrum f{\"{u}}r Informationsmodellierung in den Geisteswissenschaften]}},
url = {http://www-gewi.uni-graz.at/zim/lehre/markuplanguages.html},
urldate = {2020-11-11}
}
@article{usability-factors,
address = {Boston},
author = {Nathan, Robert J and Nathan, Robert J and Yeow, Paul H. P and Yeow, Paul H. P},
doi = {10.1007/s10660-010-9054-0},
issn = {1389-5753},
journal = {Electronic commerce research},
keywords = {Analysis,Business Information Systems,Business/Management Science,Clarity of goals in website,Computer Communication Networks,Cryptology and Information Theory,Data Structures,Design and construction,Ease of web navigation,Economics / Management Science,Interactivity of website,Internet,Malaysia,Operations Research/Decision Theory,Student Internet users,Students,Studies,Trustworthiness of website,Universities and colleges,Use of color and fonts,Use of graphics and multimedia,User Testing method,Users,Web site design,Web sites,Website design guidelines,e-Commerce/e-business,general},
language = {eng},
number = {2},
pages = {151--180},
publisher = {Springer US},
shorttitle = {Electron Commer Res},
title = {{Crucial web usability factors of 36 industries for students: a large-scale empirical study}},
volume = {11}
}
@misc{foundation-docu,
title = {{Foundation for Sites 6 Docs}},
url = {https://get.foundation/sites/docs/},
urldate = {2020-11-07}
}
@misc{materialize-docu,
title = {{Documentation - Materialize}},
url = {https://materializecss.com/},
urldate = {2020-10-15}
}
@book{ux-developers,
address = {Berkeley, CA},
author = {Knight, Westley},
doi = {10.1007/978-1-4842-4227-8},
edition = {1st ed. 20},
isbn = {1484242270},
keywords = {Computer programming,Web Development},
language = {eng},
publisher = {Apress : Imprint: Apress},
shorttitle = {UX for Developers},
title = {{UX for Developers : How to Integrate User-Centered Design Principles Into Your Day-to-Day Development Work}},
year = {2019}
}
@book{jumpstart-foundation,
author = {{Syed Fazle Rahman} and {Joe Hewitson}},
booktitle = {Jump Start Foundation},
edition = {1},
isbn = {9780992461270},
keywords = {Application program interfaces (Computer software),CSS,Web Design {\&} Development},
language = {eng},
publisher = {SitePoint},
title = {{Jump Start Foundation}}
}
@book{css-frameworks-alternatives,
address = {Berkeley, CA},
author = {Shenoy, Aravind and Prabhu, Anirudh},
doi = {10.1007/978-1-4842-3399-3},
edition = {1st ed. 20},
isbn = {1484233999},
keywords = {Computer programming,Web Development},
language = {eng},
publisher = {Apress : Imprint: Apress},
shorttitle = {CSS Framework Alternative},
title = {{CSS Framework Alternatives : Explore Five Lightweight Alternatives to Bootstrap and Foundation with Project Examples}},
year = {2018}
}
@book{html5-css3-handbuch,
address = {Bonn},
author = {Wolf, J{\"{u}}rgen},
edition = {3., aktual},
isbn = {3836262266},
keywords = {Cascading Style Sheets 3.0,HTML 5.0},
language = {ger},
publisher = {Rheinwerk Verlag},
series = {Rheinwerk Computing},
shorttitle = {HTML5 und CSS3},
title = {{HTML5 und CSS3 : das umfassende Handbuch}},
year = {2019}
}
@book{introduction-bootstrap,
address = {Berkeley, CA},
author = {Krause, J{\"{o}}rg},
booktitle = {Introducing Bootstrap 4: Create Powerful Web Applications Using Bootstrap 4.5},
doi = {10.1007/978-1-4842-6203-0},
edition = {2},
isbn = {9781484262030},
keywords = {Bootstrap,Computer Science,Professional Computing,Professional and Applied Computing,Web Development},
language = {eng},
publisher = {Apress},
title = {{Introducing Bootstrap 4: Create Powerful Web Applications Using Bootstrap 4.5}}
}
@book{usability-testing,
address = {Indianapolis, Ind},
author = {Rubin, Jeffrey and Chisnell, Dana},
booktitle = {Handbook of usability testing},
edition = {2nd ed.},
isbn = {0470386088},
keywords = {Computers,Testing,User Interfaces,User interfaces (Computer systems)},
language = {eng},
publisher = {Wiley},
title = {{Handbook of usability testing}},
year = {2008}
}
@misc{bootstrap-docu,
title = {{Introduction {\textperiodcentered} Bootstrap v4.5}},
url = {https://getbootstrap.com/docs/4.5/getting-started/introduction/},
urldate = {2020-10-20}
}
@book{mastering-sass,
author = {Watts, Luke},
booktitle = {Mastering Sass},
edition = {1},
isbn = {9781785883361},
keywords = {Web Development},
language = {eng},
publisher = {Packt Publishing},
title = {{Mastering Sass}}
}
@book{learn-bootstrap,
address = {Olton Birmingham},
author = {Shenoy, Aravind and Sossou, Ulrich},
booktitle = {Learning Bootstrap},
edition = {1},
isbn = {9781782161844},
keywords = {Design,Mobile computing,Web Development,Web site development,Web sites},
language = {eng},
publisher = {Packt Publishing, Limited},
title = {{Learning Bootstrap}},
year = {2014}
}
@book{foundation-intro,
address = {Berkeley, CA},
author = {Shenoy, Aravind},
booktitle = {Introducing Zurb Foundation 6},
edition = {1},
isbn = {9781484217955},
keywords = {Computer programming,Design,Digital Media,Internet programming,JavaScript (Computer program language),Web Design {\&} Development,Web Development,Web sites},
language = {eng},
publisher = {Apress L. P},
title = {{Introducing Zurb Foundation 6}},
year = {2015}
}
@book{uikit-jumpstart,
address = {Berkeley, CA},
author = {Shenoy, Aravind},
booktitle = {Jumpstart UIKit},
doi = {10.1007/978-1-4842-6029-6},
edition = {1},
isbn = {1484260287},
keywords = {Computer Science,Professional and Applied Computing,Responsive,Web Development},
language = {eng},
publisher = {Apress L. P},
title = {{Jumpstart UIKit}},
year = {2020}
}
@book{forms-that-work,
address = {San Francisco},
author = {Jarrett, Caroline and Gaffney, Gerry and Krug, Steve},
booktitle = {Forms That Work},
isbn = {9781558607101},
keywords = {Design,Electronic commerce,Forms,User-centered system design,Web sites},
language = {eng},
publisher = {Elsevier Science {\&} Technology},
series = {The Morgan Kaufmann series in interactive technologies},
title = {{Forms That Work}},
year = {2008}
}
@book{dont-kmake-me-think-usability,
address = {[Berkeley, Calif.]},
author = {Krug, Steve},
edition = {[Third edi},
isbn = {0133597261},
keywords = {Electrical {\&} Computer Engineering,Engineering {\&} Applied Sciences,Telecommunications,Web site development -- Evaluation,Web sites,Web sites -- Design},
language = {eng},
publisher = {New Riders},
shorttitle = {Don't make me think, revi},
title = {{Don't make me think, revisited : a common sense approach to Web usability}},
year = {2014}
}
@book{learning-bootstrap,
author = {Lambert, Matt},
booktitle = {Learning Bootstrap 4},
isbn = {1785881000},
language = {eng},
publisher = {Packt Publishing},
title = {{Learning Bootstrap 4}}
}
@book{advances-ux-us,
address = {Cham},
author = {Ahram, Tareq and Falc{\~{a}}o, Christianne},
booktitle = {Advances in Usability and User Experience},
isbn = {3030191346},
keywords = {User interfaces (Computer systems)},
language = {eng},
publisher = {Springer International Publishing AG},
title = {{Advances in Usability and User Experience}},
year = {2019}
}
@book{html5-css3-def,
address = {Berlin, Heidelberg},
author = {B{\"{u}}hler, Peter and Schlaich, Patrick and Sinner, Dominik},
doi = {10.1007/978-3-662-53916-3},
isbn = {3662539160},
keywords = {Cascading Style Sheets 3.0,HTML 5.0},
language = {ger},
publisher = {Springer Berlin Heidelberg Imprint: Springer Vieweg},
series = {Bibliothek der Mediengestaltung},
shorttitle = {HTML5 und CSS3},
title = {{HTML5 und CSS3 : Semantik - Design - Responsive Layouts}},
year = {2017}
}
@book{materialize-intro,
address = {Berkeley, CA},
author = {Prabhu, Anirudh and Shenoy, Aravind},
booktitle = {Introducing Materialize},
doi = {10.1007/978-1-4842-2349-9},
edition = {1},
isbn = {9781484223482},
keywords = {CSS,Compilers,Computer Science,Computer programs,Computer science,Computers and Society,Design,Digital Media,Interpreters,Operating Systems,Personal Computing,Professional and Applied Computing,Programming Languages,Programming Techniques,The Computing Profession,Web Design {\&} Development,Web Development,Web site development,Web sites},
language = {eng},
publisher = {Apress L. P},
title = {{Introducing Materialize}},
year = {2016}
}
@book{usability-matters,
author = {{Matt Lacey}},
booktitle = {Usability Matters},
isbn = {1617293938},
language = {eng},
publisher = {Manning Publications},
title = {{Usability Matters}}
}
@book{ux-prototyping,
author = {{Ben Coleman} and {Dan Goodwin}},
booktitle = {Designing UX: Prototyping, 1st Edition},
isbn = {9781492019251},
keywords = {Design},
language = {eng},
publisher = {SitePoint},
title = {{Designing UX: Prototyping, 1st Edition}}
}
@article{impacts-navigation-structure,
address = {Boston},
author = {Fang, Xiang and Holsapple, Clyde W},
doi = {10.1007/s10796-010-9227-3},
issn = {1572-9419},
journal = {Information systems frontiers},
keywords = {Analysis,Business Information Systems,Control,Domain knowledge level,Economics / Management Science,End users,Information retrieval,Information systems,Knowledge acquisition,Management of Computing and Information Systems,Navigation structure,Operations Research/Decision Theory,Studies,Systems Theory,Task complexity,Web site usability,Web sites},
language = {eng},
number = {4},
pages = {453--469},
publisher = {Springer Science and Business Media LLC},
shorttitle = {Inf Syst Front},
title = {{Impacts of navigation structure, task complexity, and users' domain knowledge on Web site usabilityâ€”an empirical study}},
volume = {13}
}
@book{jump-start-sass,
author = {Giraudel, Hugo and Suzanne, Miriam},
booktitle = {Jump Start Sass},
edition = {1},
isbn = {0994182678},
keywords = {CSS,Cascading style sheets,Web sites},
language = {eng},
publisher = {SitePoint},
title = {{Jump Start Sass}}
}
@book{ux-principles,
address = {Birmingham},
author = {Grant, Will},
booktitle = {101 UX Principles},
isbn = {9781788837361},
keywords = {User-centered system design,Web sites-Design},
language = {eng},
publisher = {Packt Publishing, Limited},
title = {{101 UX Principles}},
year = {2018}
}
@book{dont-kmake-me-think-intuitiv,
address = {[Frechen]},
author = {Krug, Steve},
edition = {Dritte Auf},
isbn = {3826687159},
language = {ger},
publisher = {mitp},
shorttitle = {Don't make me think},
title = {{Don't make me think! : Web {\&} mobile usability: das intuitive Web}},
year = {2014}
}
