Automatically generated by Mendeley Desktop 1.19.4
Any changes to this file will be lost if it is regenerated by Mendeley.

BibTeX export options can be customized via Options -> BibTeX in Mendeley Desktop

@misc{bootstrap-docu,
title = {{Introduction {\textperiodcentered} Bootstrap v4.5}},
url = {https://getbootstrap.com/docs/4.5/getting-started/introduction/},
urldate = {2020-10-20}
}
@misc{materialize-docu,
title = {{Documentation - Materialize}},
url = {https://materializecss.com/},
urldate = {2020-10-15}
}
